<?xml version="1.0" encoding="UTF-8"?><collection xmlns="http://www.loc.gov/MARC21/slim"><record><leader>00470nam--2200181-i-4500</leader><controlfield tag="001">000004044</controlfield><controlfield tag="002">20161230</controlfield><controlfield tag="005">20161230201025</controlfield><controlfield tag="008">060222s1000------------r-----000-0-ger-d</controlfield><datafield ind1=" " ind2=" " tag="040"><subfield code="a">IFIN-HH</subfield></datafield><datafield ind1=" " ind2=" " tag="041"><subfield code="a">ger</subfield></datafield><datafield ind1=" " ind2=" " tag="080"><subfield code="a">537.213+538.12</subfield></datafield><datafield ind1="1" ind2=" " tag="100"><subfield code="a">Buchholz, Herbert</subfield></datafield><datafield ind1="1" ind2="0" tag="245"><subfield code="a">Elektrische und magnetische potentialfelder</subfield><subfield code="c">Herbert buchholz</subfield></datafield><datafield ind1=" " ind2=" " tag="260"><subfield code="a">Berlin</subfield><subfield code="b">Springer</subfield><subfield code="c">1957</subfield></datafield><datafield ind1=" " ind2=" " tag="300"><subfield code="a">XIX+552 P</subfield></datafield><datafield ind1=" " ind2=" " tag="852"><subfield code="a">12352</subfield><subfield code="c">537:538</subfield></datafield><datafield ind1=" " ind2=" " tag="CAT"><subfield code="a">Sys</subfield><subfield code="c">20110608</subfield><subfield code="h">155846</subfield></datafield></record></collection>